@online{kunai_isc_sans,
  author       = {Internet Storm Center (ISC)},
  title        = {Kunai: Keep an Eye on your Linux Hosts' Activity},
  year         = {2023},
  url          = {https://isc.sans.edu/diary/Kunai+Keep+an+Eye+on+your+Linux+Hosts+Activity/31054},
  note         = {Accessed: 2024-12-19}
}

@online{kunai_integration,
  author       = {Cédric Bonhomme},
  title        = {We're Really Excited to Unveil Vulnerability Lookup},
  year         = {2024},
  url          = {https://www.linkedin.com/posts/cedricbonhomme_were-really-excited-to-unveil-vulnerability-lookup-activity-7274718611762561024-l43z/},
  note         = {Accessed: 2024-12-19}
}

@online{ngsoti_opensource,
  author       = {Cédric Bonhomme},
  title        = {Cybersecurity, Vulnerability Management, Open Source},
  year         = {2024},
  url          = {https://www.linkedin.com/posts/cedricbonhomme_cybersecurity-vulnerabilitymanagement-opensource-activity-7267896221917237248-TIg7/},
  note         = {Accessed: 2024-12-19}
}

@inproceedings{csaf_munich,
  author       = {CSAF Community Days},
  title        = {Correlation Between CSAF and CVE Data},
  year         = {2024},
  booktitle    = {CSAF Community Days 2024},
  url          = {https://oasis-open.github.io/csaf-documentation/communitydays/#correlation-csaf-cves-a},
}

