@misc{ngsoti,
  author       = "{ngsoti}",
  title        = "NGSOTI (Next Generation Security Operator Training Infrastructure)",
  year         = "2025",
  url          = "https://github.com/ngsoti/",
  note         = "Accessed: 2025-09-22"
}


@misc{cexf,
  author = "{MISP Project}",
  title  = "{CEXF (Common Exercise Format)}",
  year   = "2025",
  url    = "https://github.com/MISP/cexf",
  note   = "Accessed: 2025-09-22"
}

